@inproceedings{wang-etal-2021-tsdae-using,
  title     = {{TSDAE}: Using Transformer-based Sequential Denoising Auto-Encoderfor Unsupervised Sentence Embedding Learning},
  author    = {Wang, Kexin and Reimers, Nils and Gurevych, Iryna},
  editor    = {Moens, Marie-Francine and Huang, Xuanjing and Specia, Lucia and Yih, Scott Wen-tau},
  booktitle = {Findings of the Association for Computational Linguistics: EMNLP 2021},
  month     = nov,
  year      = {2021},
  address   = {Punta Cana, Dominican Republic},
  publisher = {Association for Computational Linguistics},
  url       = {https://aclanthology.org/2021.findings-emnlp.59},
  doi       = {10.18653/v1/2021.findings-emnlp.59},
  pages     = {671--688}
}


@article{GPL,
  author     = {Kexin Wang and Nandan Thakur and Nils Reimers and Iryna Gurevych},
  title      = {{GPL:} Generative Pseudo Labeling for Unsupervised Domain Adaptation of Dense Retrieval},
  journal    = {CoRR},
  volume     = {abs/2112.07577},
  year       = {2021},
  url        = {https://arxiv.org/abs/2112.07577},
  eprinttype = {arXiv},
  eprint     = {2112.07577},
  timestamp  = {Mon, 03 Jan 2022 15:45:35 +0100},
  biburl     = {https://dblp.org/rec/journals/corr/abs-2112-07577.bib},
  bibsource  = {dblp computer science bibliography, https://dblp.org}
}


@article{SBERT,
  author     = {Nils Reimers and Iryna Gurevych},
  title      = {Sentence-BERT: Sentence Embeddings using Siamese BERT-Networks},
  journal    = {CoRR},
  volume     = {abs/1908.10084},
  year       = {2019},
  url        = {http://arxiv.org/abs/1908.10084},
  eprinttype = {arXiv},
  eprint     = {1908.10084},
  timestamp  = {Thu, 26 Nov 2020 12:13:54 +0100},
  biburl     = {https://dblp.org/rec/journals/corr/abs-1908-10084.bib},
  bibsource  = {dblp computer science bibliography, https://dblp.org}
}


@article{T5,
  author  = {Colin Raffel and Noam Shazeer and Adam Roberts and Katherine Lee and Sharan Narang and Michael Matena and Yanqi Zhou and Wei Li and Peter J. Liu},
  title   = {Exploring the Limits of Transfer Learning with a Unified Text-to-Text Transformer},
  journal = {Journal of Machine Learning Research},
  year    = {2020},
  volume  = {21},
  number  = {140},
  pages   = {1--67},
  url     = {http://jmlr.org/papers/v21/20-074.html}
}


@misc{pineconetsdae,
  author       = {James Briggs},
  title        = {Unsupervised Training for Sentence Transformers},
  howpublished = {https://www.pinecone.io/learn/series/nlp/unsupervised-training-sentence-transformers/},
  url          = {https://www.pinecone.io/learn/series/nlp/unsupervised-training-sentence-transformers/},
  note         = {Accessed: 2024-03-21}
}



@article{marginMSE,
  author     = {Sebastian Hofst{\"{a}}tter and Sophia Althammer and Michael Schr{\"{o}}der and Mete Sertkan and Allan Hanbury},
  title      = {Improving Efficient Neural Ranking Models with Cross-Architecture Knowledge Distillation},
  journal    = {CoRR},
  volume     = {abs/2010.02666},
  year       = {2020},
  url        = {https://arxiv.org/abs/2010.02666},
  eprinttype = {arXiv},
  eprint     = {2010.02666},
  timestamp  = {Thu, 28 Jul 2022 16:49:01 +0200},
  biburl     = {https://dblp.org/rec/journals/corr/abs-2010-02666.bib},
  bibsource  = {dblp computer science bibliography, https://dblp.org}
}

@misc{sentiNews,
  title = {SentiNews dataset},
  url   = {https://huggingface.co/datasets/cjvt/sentinews},
  note  = {Accessed: 2024-03-21}
}

@misc{SentenceTransformers,
  title = {SentenceTransformers Documentation},
  url   = {https://www.sbert.net/docs/package_reference/losses.html#denoisingautoencoderloss},
  note  = {Accessed: 2024-03-21}
}

@misc{msmarco14langs,
  title = {T5 model for no Slovene GPL training},
  url   = {https://huggingface.co/doc2query/msmarco-14langs-mt5-base-v1},
  note  = {Accessed: 2024-05-03}
}

@misc{boshko,
  title  = {T5 model for slovene slv\_doc2query GPL training},
  url    = {https://huggingface.co/bkoloski/slv\_doc2query},
  author = {Boshko, Koloski},
  note   = {Accessed: 2024-05-03}
}

https://huggingface.co/bkoloski/slv_doc2query

@misc{msmarcodistil,
  title = {Sentence transformer msmarco-distilbert-base-v3},
  url   = {https://huggingface.co/sentence-transformers/msmarco-distilbert-base-v3},
  note  = {Accessed: 2024-05-03}
}

@misc{msmarcominilm,
  title = {Sentence transformer msmarco-MiniLM-L-6-v3},
  url   = {https://huggingface.co/sentence-transformers/msmarco-MiniLM-L-6-v3},
  note  = {Accessed: 2024-05-03}
}


@inproceedings{reimers-2019-sentence-bert,
  title     = {Sentence-BERT: Sentence Embeddings using Siamese BERT-Networks},
  author    = {Reimers, Nils and Gurevych, Iryna},
  booktitle = {Proceedings of the 2019 Conference on Empirical Methods in Natural Language Processing},
  month     = {11},
  year      = {2019},
  publisher = {Association for Computational Linguistics},
  url       = {http://arxiv.org/abs/1908.10084}
}
